@article{hinze2009tour,
  title={Functional Pearl: La Tour d'Hano{\"i}},
  author={Hinze, Ralf},
  journal={ACM Sigplan Notices},
  volume={44},
  number={9},
  pages={3--10},
  year={2009},
  publisher={ACM New York, NY, USA}
}
